@book{gost_stages_of_devel,
    author = "Единая Система Программной Документации",
    title = "ГОСТ 19.102-77 Стадии разработки",
    year = "2001",
    publisher = "ИПК Издательство стандартов"
    }

@book{gost_tz,
    author = "Единая Система Программной Документации",
    title = "ГОСТ 19.201-78 Техническое задание. Требования к содержанию и оформлению",
    year = "2001",
    publisher = "ИПК Издательство стандартов"
    }

@book{gost_types_of_software,
    author = "Единая Система Программной Документации",
    title = "ГОСТ 19.101-77 Виды программ и программных документов",
    year = "2001",
    publisher = "ИПК Издательство стандартов"
    }

@book{gost_marking_software,
    author = "Единая Система Программной Документации",
    title = "ГОСТ 19.103-77 Обозначения программ и программных документов",
    year = "2001",
    publisher = "ИПК Издательство стандартов"
    }

@book{gost_main_signs,
    author = "Единая Система Программной Документации",
    title = "ГОСТ 19.104-78 Основные надписи",
    year = "2001",
    publisher = "ИПК Издательство стандартов"
    }

@book{gost_demands_for_docs,
    author = "Единая Система Программной Документации",
    title = "ГОСТ 19.106-78 Требования к программным документам",
    year = "2001",
    publisher = "ИПК Издательство стандартов"
    }

@book{gost_main_rules_change,
    author = "Единая Система Программной Документации",
    title = "ГОСТ 19.603-78 Общие правила внесения изменений",
    year = "2001",
    publisher = "ИПК Издательство стандартов"
    }


@online {google_guidline,
    title = "Google's material design color guidline",
    date = "2015",
    url = "https://material.io/guidelines/style/color.html"
}

@online {developers_android,
    title = "Android Developers references and guides",
    date = "2018",
    url = "https://developer.android.com/index.html"
}

@online {scrapy_docs,
    title = "Scrapy 1.5 documentation",
    date = "2018",
    url = "http://scrapy.readthedocs.io/en/latest/index.html"
}
