@book{gost_main_rules_change,
    author = "Единая Система Программной Документации",
    title = "ГОСТ 19.603-78 Общие правила внесения изменений",
    year = "2001",
    publisher = "ИПК Издательство стандартов"
    }


@online {google_guidline,
    title = "Google's material design color guidline",
    date = "2015",
    url = "https://material.io/guidelines/style/color.html"
}

@online {developers_android,
    title = "Android Developers references and guides",
    date = "2018",
    url = "https://developer.android.com/index.html"
}

@online {scrapy_docs,
    title = "Scrapy 1.5 documentation",
    date = "2018",
    url = "http://scrapy.readthedocs.io/en/latest/index.html"
}
