@book{gost_stages_of_devel,
    author = "Единая Система Программной Документации",
    title = "ГОСТ 19.102-77 Стадии разработки",
    year = "2001",
    publisher = "ИПК Издательство стандартов"
    }

@book{gost_pz,
    author = "Единая Система Программной Документации",
    title = "ГОСТ 19.404-79 Пояснительная записка. Требования к содержанию и оформлению",
    year = "2001",
    publisher = "ИПК Издательство стандартов"
    }

@book{gost_tz,
    author = "Единая Система Программной Документации",
    title = "ГОСТ 19.201-78 Техническое задание. Требования к содержанию и оформлению",
    year = "2001",
    publisher = "ИПК Издательство стандартов"
    }

@book{gost_types_of_software,
    author = "Единая Система Программной Документации",
    title = "ГОСТ 19.101-77 Виды программ и программных документов",
    year = "2001",
    publisher = "ИПК Издательство стандартов"
    }

@book{gost_marking_software,
    author = "Единая Система Программной Документации",
    title = "ГОСТ 19.103-77 Обозначения программ и программных документов",
    year = "2001",
    publisher = "ИПК Издательство стандартов"
    }

@book{gost_main_signs,
    author = "Единая Система Программной Документации",
    title = "ГОСТ 19.104-78 Основные надписи",
    year = "2001",
    publisher = "ИПК Издательство стандартов"
    }

@book{gost_demands_for_docs,
    author = "Единая Система Программной Документации",
    title = "ГОСТ 19.106-78 Требования к программным документам",
    year = "2001",
    publisher = "ИПК Издательство стандартов"
    }

@book{gost_main_rules_change,
    author = "Единая Система Программной Документации",
    title = "ГОСТ 19.603-78 Общие правила внесения изменений",
    year = "2001",
    publisher = "ИПК Издательство стандартов"
    }

@article{Nakamoto2008,
abstract = {A purely peer-to-peer version of electronic cash would allow online payments to be sent directly from one party to another without going through a financial institution. Digital signatures provide part of the solution, but the main benefits are lost if a trusted third party is still required to prevent double-spending. We propose a solution to the double-spending problem using a peer-to-peer network. The network timestamps transactions by hashing them into an ongoing chain of hash-based proof-of-work, forming a record that cannot be changed without redoing the proof-of-work. The longest chain not only serves as proof of the sequence of events witnessed, but proof that it came from the largest pool of CPU power. As long as a majority of CPU power is controlled by nodes that are not cooperating to attack the network, they'll generate the longest chain and outpace attackers. The network itself requires minimal structure. Messages are broadcast on a best effort basis, and nodes can leave and rejoin the network at will, accepting the longest proof-of-work chain as proof of what happened while they were gone.},
archivePrefix = {arXiv},
arxivId = {43543534534v343453},
author = {Nakamoto, Satoshi},
doi = {10.1007/s10838-008-9062-0},
eprint = {43543534534v343453},
file = {:home/coldmind/Downloads/bitcoin.pdf:pdf},
isbn = {978-972-757-716-3},
issn = {09254560},
journal = {Journal for General Philosophy of Science},
number = {1},
pages = {1--9},
pmid = {14533183},
title = {{Bitcoin: A Peer-to-Peer Electronic Cash SyNakamoto, S. (2008). Bitcoin: A Peer-to-Peer Electronic Cash System. Consulted, 1–9.}},
year = {2008}
}

@misc{VitalikButerin2015,
author = {{Vitalik Buterin}},
title = {{On Public and Private Blockchains}},
url = {https://blog.ethereum.org/2015/08/07/on-public-and-private-blockchains/},
urldate = {2019-04-22},
year = {2015}
}
